<?xml version="1.0" encoding="UTF-8"?><collection xmlns="http://www.loc.gov/MARC21/slim"><record><leader>00564nam--2200205-i-4500</leader><controlfield tag="001">000023414</controlfield><controlfield tag="002">20161230</controlfield><controlfield tag="005">20161230201035</controlfield><controlfield tag="008">060222s1000------------r-----000-0-eng-d</controlfield><datafield ind1=" " ind2=" " tag="020"><subfield code="a">0080181287</subfield></datafield><datafield ind1=" " ind2=" " tag="040"><subfield code="a">IFIN-HH</subfield></datafield><datafield ind1=" " ind2=" " tag="080"><subfield code="a">548:539.2(07)</subfield></datafield><datafield ind1="1" ind2=" " tag="100"><subfield code="a">Hull, Derek</subfield></datafield><datafield ind1="1" ind2="0" tag="245"><subfield code="a">Introduction to dislocations</subfield><subfield code="c">Derek hull</subfield></datafield><datafield ind1=" " ind2=" " tag="250"><subfield code="a">Second Edition</subfield></datafield><datafield ind1=" " ind2=" " tag="260"><subfield code="a">Oxford</subfield><subfield code="b">Pergamon Press</subfield><subfield code="c">1975</subfield></datafield><datafield ind1=" " ind2=" " tag="300"><subfield code="a">IX + 269 P</subfield></datafield><datafield ind1=" " ind2=" " tag="490"><subfield code="a">International Series On Materials Science And Technology</subfield><subfield code="v">V.16</subfield></datafield><datafield ind1=" " ind2=" " tag="852"><subfield code="a">43107</subfield><subfield code="c">539.2</subfield></datafield><datafield ind1=" " ind2=" " tag="CAT"><subfield code="a">Sys</subfield><subfield code="c">20121025</subfield><subfield code="h">105834</subfield></datafield></record></collection>